<?xml version="1.0" encoding="UTF-8"?><record xmlns="http://www.loc.gov/MARC21/slim" xmlns:cinclude="http://apache.org/cocoon/include/1.0" xmlns:zs="http://www.loc.gov/zing/srw/">
  <leader>00413nz  a2200121n  4500</leader>
  <controlfield tag="001">nr2002036148</controlfield>
  <controlfield tag="003">DLC</controlfield>
  <controlfield tag="005">20031219033107.0</controlfield>
  <controlfield tag="008">020930n| acannaabn          |n aaa     c</controlfield>
  <datafield tag="010" ind1=" " ind2=" ">
    <subfield code="a">nr2002036148</subfield>
  </datafield>
  <datafield tag="040" ind1=" " ind2=" ">
    <subfield code="a">MWiCA</subfield>
    <subfield code="b">eng</subfield>
    <subfield code="c">MWiCA</subfield>
  </datafield>
  <datafield tag="100" ind1="1" ind2=" ">
    <subfield code="a">Hills, F. O.</subfield>
  </datafield>
  <datafield tag="670" ind1=" " ind2=" ">
    <subfield code="a">Anthony's photographic bulletin, June 1880:</subfield>
    <subfield code="b">loose plate (Negative by F.O. Hills, Wolcottville, CT.) p. 191 (F.O. Hills, Wolcottville, CT., April 12, 1880)</subfield>
  </datafield>
</record>